<?xml version="1.0" encoding="UTF-8"?><record xmlns="http://www.loc.gov/MARC21/slim" xmlns:cinclude="http://apache.org/cocoon/include/1.0" xmlns:zs="http://www.loc.gov/zing/srw/">
  <leader>01139cz  a2200241n  4500</leader>
  <controlfield tag="001">n  87800327 </controlfield>
  <controlfield tag="003">DLC</controlfield>
  <controlfield tag="005">20080407080003.0</controlfield>
  <controlfield tag="008">870105n| acannaabn          |a aad      </controlfield>
  <datafield tag="010" ind1=" " ind2=" ">
    <subfield code="a">n  87800327 </subfield>
  </datafield>
  <datafield tag="035" ind1=" " ind2=" ">
    <subfield code="a">(OCoLC)oca01734820</subfield>
  </datafield>
  <datafield tag="040" ind1=" " ind2=" ">
    <subfield code="a">DLC</subfield>
    <subfield code="b">eng</subfield>
    <subfield code="c">DLC</subfield>
    <subfield code="d">OCoLC</subfield>
    <subfield code="d">CoU</subfield>
    <subfield code="d">NmU</subfield>
    <subfield code="d">OCoLC</subfield>
  </datafield>
  <datafield tag="100" ind1="1" ind2=" ">
    <subfield code="a">González de Díaz Araujo, María Graciela</subfield>
  </datafield>
  <datafield tag="400" ind1="1" ind2=" ">
    <subfield code="a">De Díaz Araujo, María Graciela</subfield>
  </datafield>
  <datafield tag="400" ind1="1" ind2=" ">
    <subfield code="a">Díaz Araujo, María Graciela de</subfield>
  </datafield>
  <datafield tag="400" ind1="1" ind2=" ">
    <subfield code="a">Araujo, María Graciela de Díaz</subfield>
  </datafield>
  <datafield tag="400" ind1="1" ind2=" ">
    <subfield code="a">G. de Díaz Araujo, Graciela</subfield>
    <subfield code="q">(González de Díaz Araujo)</subfield>
  </datafield>
  <datafield tag="400" ind1="1" ind2=" ">
    <subfield code="a">Díaz Araujo, Graciela G. de</subfield>
    <subfield code="q">(Graciela González de )</subfield>
  </datafield>
  <datafield tag="400" ind1="1" ind2=" ">
    <subfield code="a">González de Díaz Araujo, Graciela</subfield>
  </datafield>
  <datafield tag="400" ind1="1" ind2=" ">
    <subfield code="a">Díaz Araujo, Graciela González de</subfield>
  </datafield>
  <datafield tag="670" ind1=" " ind2=" ">
    <subfield code="a">nuc87-190: Her La vida teatral en Buenos Aires desde 1713 hasta 1896, 1982</subfield>
    <subfield code="b">(hdg. on AzU rept.: González de Díaz Araujo, Maria G.; usage: María Graciela González de Díaz Araujo)</subfield>
  </datafield>
  <datafield tag="670" ind1=" " ind2=" ">
    <subfield code="a">Argentina/dramaturgas, 2003:</subfield>
    <subfield code="b">t.p. (Graciela G. de Díaz Araujo)  p. 7 (M.G.G.D.A.)</subfield>
  </datafield>
  <datafield tag="670" ind1=" " ind2=" ">
    <subfield code="a">De Shakespeare a Veronese, 2007:</subfield>
    <subfield code="b">t.p. (Graciela González de Díaz Araujo)</subfield>
  </datafield>
</record>